% chapter 1 references

@misc{davies2016ct,
title={What is critical thinking? And do universities really teach it?},
howpublished = {\url{http://theconversation.com/what-is-critical-thinking-and-do-universities-really-teach-it-69046}},
note = {Last accessed: 2021-03-26},
year={2016},
author={Davies, Martin},
}

@misc{Staton2021ct,
title={Educators around world seek to take axe to exam-based learning},
howpublished = {\url{https://www.ft.com/content/9d64e479-182c-4dbd-96fe-0c26272a5875}},
note = {Last accessed: 2021-03-26},
year={2021},
author={Staton, Bethan},
}

@book{hunt1995will,
  title={Will we be smart enough?: A cognitive analysis of the coming workforce},
  author={Hunt, Earl},
  year={1995},
  publisher={Russell Sage Foundation}
}

@article{halpern1998teaching,
  title={Teaching critical thinking for transfer across domains: Disposition, skills, structure training, and metacognitive monitoring.},
  author={Halpern, Diane F},
  journal={American psychologist},
  volume={53},
  number={4},
  pages={449},
  year={1998},
  publisher={American Psychological Association}
}

@article{mclaughlin2017explicitly,
  title={Explicitly teaching critical thinking skills in a history course},
  author={McLaughlin, Anne Collins and McGill, Alicia Ebbitt},
  journal={Science \& Education},
  volume={26},
  number={1},
  pages={93--105},
  year={2017},
  publisher={Springer}
}

@misc{venka2020QAnon,
title = {‘Rudderless’ QAnon may reinvent itself after US election, warn experts},
howpublished = {\url{https://www.ft.com/content/357272df-46a1-4ed9-88b2-f5188d624e62}},
note = {Last accessed: 2021-03-26},
year = {2020},
author = {Venkataramakrishnan, Siddharth},
}

@article{lai2011critical,
  title={Critical thinking: A literature review},
  author={Lai, Emily R},
  journal={Pearson's Research Reports},
  volume={6},
  pages={40--41},
  year={2011}
}

@article{facione2000CT,
author = {Facione, Peter and Facione, Noreen and Giancarlo, Carol},
year = {2000},
month = {01},
pages = {},
title = {The Disposition Toward Critical Thinking: Its Character, Measurement, and Relationship to Critical Thinking Skill},
volume = {20},
journal = {Informal Logic},
doi = {10.22329/il.v20i1.2254}
}

@article{willingham2008critical,
  title={Critical thinking: Why is it so hard to teach?},
  author={Willingham, Daniel T},
  journal={Arts Education Policy Review},
  volume={109},
  number={4},
  pages={21--32},
  year={2008},
  publisher={Taylor \& Francis}
}

@article{yogev2013need,
  title={On the need to strengthen political-critical thinking in history education},
  author={Yogev, Esther},
  journal={International Review of Education},
  volume={59},
  number={5},
  pages={627--645},
  year={2013},
  publisher={Springer}
}

@book{tosh2006pursuit,
  title={The pursuit of history: Aims, methods and new directions in the study of modern history},
  author={Tosh, John and Lang, Sean},
  year={2006},
  publisher={Pearson Education}
}

@book{carr2018history,
  title={What is history?},
  author={Carr, Edward Hallett},
  year={2018},
  publisher={Penguin UK}
}

@book{schon1984reflective,
  title={The reflective practitioner: How professionals think in action},
  author={Schon, Donald A},
  volume={5126},
  year={1984},
  publisher={Basic books}
}

@article{reed2001teaching,
  title={Teaching critical thinking in a community college history course: Empirical evidence from infusing Paul's model},
  author={Reed, Jennifer H and Kromrey, Jeffrey D},
  journal={College Student Journal},
  volume={35},
  number={2},
  pages={201--201},
  year={2001},
  publisher={Project Innovation (Alabama)}
}


@article{chowanda2016gamification,
  title={Gamification of Learning: Can Games Motivate Me to Learn History?},
  author={Chowanda, Andry and Chowanda, Alan Darmasaputra},
  journal={ComTech: Computer, Mathematics and Engineering Applications},
  volume={7},
  number={3},
  pages={225--232},
  year={2016}
}

@book{barr2019graduate,
  title={Graduate skills and game-based learning: using video games for employability in higher education},
  author={Barr, Matthew},
  year={2019},
  publisher={Springer}
}

@article{seaborn2015gamification,
  title={Gamification in theory and action: A survey},
  author={Seaborn, Katie and Fels, Deborah I},
  journal={International Journal of human-computer studies},
  volume={74},
  pages={14--31},
  year={2015},
  publisher={Elsevier}
}

@inproceedings{malone1980makes,
  title={What makes things fun to learn? Heuristics for designing instructional computer games},
  author={Malone, Thomas W},
  booktitle={Proceedings of the 3rd ACM SIGSMALL symposium and the first SIGPC symposium on Small systems},
  pages={162--169},
  year={1980}
}

@article{mccall2016teaching,
  title={Teaching history with digital historical games: An introduction to the field and best practices},
  author={McCall, Jeremiah},
  journal={Simulation \& Gaming},
  volume={47},
  number={4},
  pages={517--542},
  year={2016},
  publisher={SAGE Publications Sage CA: Los Angeles, CA}
}

@book{mccall2013gaming,
  title={Gaming the past: Using video games to teach secondary history},
  author={McCall, Jeremiah},
  year={2013},
  publisher={Routledge}
}

% chapter 2 references

@book{schwaber2002agile,
  title={Agile software development with Scrum},
  author={Schwaber, Ken and Beedle, Mike},
  volume={1},
  year={2002},
  publisher={Prentice Hall Upper Saddle River}
}

@article{misra2009identifying,
  title={Identifying some important success factors in adopting agile software development practices},
  author={Misra, Subhas Chandra and Kumar, Vinod and Kumar, Uma},
  journal={Journal of Systems and Software},
  volume={82},
  number={11},
  pages={1869--1890},
  year={2009},
  publisher={Elsevier}
}


@article{gulliksen2003key,
  title={Key principles for user-centred systems design},
  author={Gulliksen, Jan and G{\"o}ransson, Bengt and Boivie, Inger and Blomkvist, Stefan and Persson, Jenny and Cajander, {\AA}sa},
  journal={Behaviour and Information Technology},
  volume={22},
  number={6},
  pages={397--409},
  year={2003},
  publisher={Taylor \& Francis}
}

@misc{nielsenthinkaloud,
title ={Thinking Aloud: The #1 Usability Tool},
howpublished = {\url{https://www.nngroup.com/articles/thinking-aloud-the-1-usability-tool/}},
note = {Last accessed: 2021-04-06},
year = {2012},
author = {Nielsen, Jakob}
}

@misc{react,
title = {React Homepage},
howpublished = {\url{https://reactjs.org/}},
note = {Last accessed: 2021-04-06}}

@misc{phaser,
title = {Phaser Homepage},
howpublished = {\url{http://phaser.io/}},
note = {Last accessed: 2021-04-06}}

@misc{twine,
title= {Twine Homepage},
howpublished = {\url{https://twinery.org/}},
note = {Last accessed: 2021-04-06}}

@book{fowler2018refactoring,
  title={Refactoring: improving the design of existing code},
  author={Fowler, Martin},
  year={2018},
  publisher={Addison-Wesley Professional}
}

@inproceedings{dawson2000twenty,
  title={Twenty dirty tricks to train software engineers},
  author={Dawson, Ray},
  booktitle={Proceedings of the 22nd international conference on software engineering},
  pages={209--218},
  year={2000}
}
@book{martin2002principles,
  title={The principles, patterns, and practices of agile software development},
  author={Martin, Robert C},
  year={2002},
  publisher={Prentice Hall}
}

@misc{redux,
title = {Redux Tutorial},
howpublished = {\url{https://redux.js.org/introduction/getting-started}},
note = {Last accessed: 2021-04-06}}

@book{fullerton2004game,
  title={Game design workshop: Designing, prototyping, \& playtesting games},
  author={Fullerton, Tracy and Swain, Chris and Hoffman, Steven},
  year={2004},
  publisher={CRC Press}
}


@book{salen2004rules,
  title={Rules of play: Game design fundamentals},
  author={Salen, Katie and Tekinba{\c{s}}, Katie Salen and Zimmerman, Eric},
  year={2004},
  publisher={MIT press}
}

@inproceedings{isbister2010designing,
  title={Designing games for learning: insights from conversations with designers},
  author={Isbister, Katherine and Flanagan, Mary and Hash, Chelsea},
  booktitle={Proceedings of the sigchi conference on human factors in computing systems},
  pages={2041--2044},
  year={2010}
}

@misc{nng2021consistency,
title={Maintain Consistency and Adhere to Standards (Usability Heuristic #4)},
howpublished = {\url{https://www.nngroup.com/articles/consistency-and-standards/}},
note = {Last accessed: 2021-03-29},
year = {2021},
author = {Krause, Rachel}}

@book{norman1988psychology,
  title={The psychology of everyday things.},
  author={Norman, Donald A},
  year={1988},
  publisher={Basic books}
}

@misc{nng2015links,
title={Beyond Blue Links: Making Clickable Elements Recognizable},
howpublished = {\url{https://www.nngroup.com/articles/clickable-elements/}},
note = {Last accessed: 2021-03-26},
year = {2015},
author = {Loranger, Hoa},
}

@misc{sryth,
title={About},
howpublished = {\url{http://www.sryth.com/ci.php?f_c=game_about.inc}},
note = {Last accessed: 2021-03-26}
}

%chapter 3 references

@article{bernard2008exploring,
  title={Exploring the structure of the Watson--Glaser Critical Thinking Appraisal: One scale or many subscales?},
  author={Bernard, Robert M and Zhang, Dai and Abrami, Philip C and Sicoly, Fiore and Borokhovski, Evgueni and Surkes, Michael A},
  journal={Thinking Skills and Creativity},
  volume={3},
  number={1},
  pages={15--22},
  year={2008},
  publisher={Elsevier}
}


@article{crouch2015predicting,
  title={Predicting success in nursing programs},
  author={Crouch, Suzanne J},
  journal={Journal of College Teaching \& Learning (TLC)},
  volume={12},
  number={1},
  pages={45--54},
  year={2015}
}

@misc{bauwens1987use,
  title={The use of the Watson-Glaser Critical Thinking Appraisal to predict success in a baccalaureate nursing program},
  author={Bauwens, Eleanor E and Gerhard, Gwenyth G},
  year={1987},
  publisher={SLACK Incorporated Thorofare, NJ}
}

@article{el2007validating,
  title={Validating the Watson Glaser critical thinking appraisal},
  author={El Hassan, Karma and Madhum, Ghida},
  journal={Higher Education},
  volume={54},
  number={3},
  pages={361--383},
  year={2007},
  publisher={Springer}
}

@article{gelerstein2016designing,
  title={Designing and implementing a test for measuring critical thinking in primary school},
  author={Gelerstein, Dami{\'a}n and Del Rio, Rodrigo and Nussbaum, Miguel and Chiuminatto, Pablo and Lopez, Ximena},
  journal={Thinking Skills and Creativity},
  volume={20},
  pages={40--49},
  year={2016},
  publisher={Elsevier}
}

@article{charmaz2007grounded,
  title={Grounded theory},
  author={Charmaz, Kathy and Belgrave, Linda Liska},
  journal={The Blackwell encyclopedia of sociology},
  year={2007},
  publisher={Wiley Online Library}
}

@misc {NNGthematic,
title = {How to Analyze Qualitative Data from UX Research: Thematic Analysis},
howpublished = {\url{https://www.nngroup.com/articles/thematic-analysis/}},
note ={Last accessed: 2021-04-03},
year = {2019},
author = {Rosala, Maria}}